<record><leader>00000cas a22000007a 4500</leader><controlfield tag="001">18953552</controlfield><controlfield tag="008">881229d19481977nyuwr ne      0    0eng d</controlfield><datafield ind1=" " ind2=" " tag="010"><subfield code="a">sn 88075851 </subfield></datafield><datafield ind1=" " ind2=" " tag="040"><subfield code="a">NYG</subfield><subfield code="b">eng</subfield><subfield code="c">NYG</subfield><subfield code="d">NYS</subfield><subfield code="d">OCLCQ</subfield></datafield><datafield ind1=" " ind2=" " tag="042"><subfield code="a">msc</subfield></datafield><datafield ind1="0" ind2=" " tag="130"><subfield code="a">Independent Republican (Goshen, N.Y. : 1948)</subfield></datafield><datafield ind1="1" ind2="0" tag="245"><subfield code="a">Independent Republican.</subfield></datafield><datafield ind1="3" ind2="0" tag="246"><subfield code="a">Chester observer</subfield><subfield code="f">July 13, 1950-</subfield></datafield><datafield ind1=" " ind2=" " tag="260"><subfield code="a">Goshen, Orange County, N.Y. :</subfield><subfield code="b">Goshen Print. &amp; Pub. Co.,</subfield><subfield code="c">1948-1977.</subfield></datafield><datafield ind1=" " ind2=" " tag="300"><subfield code="a">29 v. :</subfield><subfield code="b">ill.</subfield></datafield><datafield ind1=" " ind2=" " tag="310"><subfield code="a">Weekly</subfield></datafield><datafield ind1="0" ind2=" " tag="362"><subfield code="a">Vol. 135, no. 1 (Jan. 1, 1948)-v. 166, no. 47 (Nov. 22, 1977).</subfield></datafield><datafield ind1=" " ind2=" " tag="500"><subfield code="a">Contains a section titled "Chester observer", having its own vol. numbering, beginning with vol. 1, no. 1 (July 13, 1950).</subfield></datafield><datafield ind1=" " ind2="4" tag="651"><subfield code="a">Goshen (N.Y.)</subfield><subfield code="v">Newspapers.</subfield></datafield><datafield ind1=" " ind2="4" tag="651"><subfield code="a">Chester (N.Y.)</subfield><subfield code="v">Newspapers.</subfield></datafield><datafield ind1=" " ind2=" " tag="752"><subfield code="a">United States</subfield><subfield code="b">New York</subfield><subfield code="c">Orange</subfield><subfield code="d">Goshen.</subfield></datafield><datafield ind1=" " ind2=" " tag="752"><subfield code="a">United States</subfield><subfield code="b">New York</subfield><subfield code="c">Orange</subfield><subfield code="d">Chester.</subfield></datafield><datafield ind1="0" ind2="0" tag="780"><subfield code="t">Independent Republican and the Goshen Democrat</subfield><subfield code="w">(DLC)sn 86035098</subfield></datafield><datafield ind1="0" ind2="0" tag="785"><subfield code="t">Independent Republican, 1812</subfield><subfield code="w">(DLC)sn 91066549</subfield><subfield code="w">(OCoLC)23885781</subfield></datafield><datafield ind1="1" ind2=" " tag="029"><subfield code="a">AU@</subfield><subfield code="b">000020598386</subfield></datafield></record>